% ------------------------------------------------------------------------
% BIBLIOGRAPHY FILE
% ------------------------------------------------------------------------
@ARTICLE{Euraxess,
author={Euraxess},
title={Foreign Researcher’s Guide to Luxembourg: \url{http://www.euraxess.lu/var/ezwebin_site/storage/images/home/guide_euraxess.pdf}},
year={2012},
}

@ARTICLE{JustArrived,
author={{City of Luxembourg}},
title={Practical Guide for new residents: \url{http://justarrived.lu/},  \url{http://justarrived.lu}},
year={2015},
}

@ARTICLE{AngloINFO,
author={{The Global Expat Network in Luxembourg}},
title={Everything you need for life in Luxembourg - local information you can trust: \url{http://luxembourg.angloinfo.com/}},
year={2013},
}